@article{dalmaijer2022statistical,
  title={Statistical power for cluster analysis},
  author={Dalmaijer, Edwin S and Nord, Camilla L and Astle, Duncan E},
  journal={BMC bioinformatics},
  volume={23},
  number={1},
  pages={1--28},
  year={2022},
  publisher={BioMed Central}
}

@article{matechou2016biclustering,
  title={Biclustering models for two-mode ordinal data},
  author={Matechou, Eleni and Liu, Ivy and Fern{\'a}ndez, Daniel and Farias, Miguel and Gjelsvik, Bergljot},
  journal={psychometrika},
  volume={81},
  pages={611--624},
  year={2016},
  publisher={Springer}
}

@article{fernandez2016mixture,
  title={Mixture-based clustering for the ordered stereotype model},
  author={Fern{\'a}ndez, Daniel and Arnold, Richard and Pledger, Shirley},
  journal={Computational Statistics \& Data Analysis},
  volume={93},
  pages={46--75},
  year={2016},
  publisher={Elsevier}
}

@article{fernandez2019finite,
  title={Finite mixture biclustering of discrete type multivariate data},
  author={Fern{\'a}ndez, Daniel and Arnold, Richard and Pledger, Shirley and Liu, Ivy and Costilla, Roy},
  journal={Advances in Data Analysis and Classification},
  volume={13},
  pages={117--143},
  year={2019},
  publisher={Springer}
}

@book{mclachlan2000finite,
  title={Finite Mixture Models},
  author={McLachlan, G.J. and Peel, D.},
  isbn={9780471006268},
  lccn={00043324},
  series={Wiley Series in Probability and Statistics},
  url={https://books.google.co.nz/books?id=GVnJEAAAQBAJ},
  year={2000},
  publisher={Wiley}
}

@article{10.1214/09-SS053,
author = {Volodymyr Melnykov and Ranjan Maitra},
title = {{Finite mixture models and model-based clustering}},
volume = {4},
journal = {Statistics Surveys},
number = {none},
publisher = {Amer. Statist. Assoc., the Bernoulli Soc., the Inst. Math. Statist., and the Statist. Soc. Canada},
pages = {80 -- 116},
keywords = {diagnostics, EM algorithm, magnitude magnetic resonance images, Model selection, proteomics, text mining, two-dimensional gel electrophoresis data, Variable selection},
year = {2010},
doi = {10.1214/09-SS053},
URL = {https://doi.org/10.1214/09-SS053}
}


@article{figueiredo2002unsupervised,
  title={Unsupervised learning of finite mixture models},
  author={Figueiredo, Mario A. T. and Jain, Anil K.},
  journal={IEEE Transactions on pattern analysis and machine intelligence},
  volume={24},
  number={3},
  pages={381--396},
  year={2002},
  publisher={Ieee}
}

@article{jacques2018model,
  title={Model-based co-clustering for ordinal data},
  author={Jacques, Julien and Biernacki, Christophe},
  journal={Computational Statistics \& Data Analysis},
  volume={123},
  pages={101--115},
  year={2018},
  publisher={Elsevier}
}

@book{Johnson1999,
  author = {Johnson, Valen E. and Albert, James H.},
  title = {Ordinal Data Modeling},
  publisher = {Springer New York},
  year = {1999},
  edition = {1},
  doi = {10.1007/b98832},
  url = {https://doi.org/10.1007/b98832}
}

@article{Stevens1946,
  author = {Stevens, S. S.},
  title = {On the theory of scales of measurement},
  journal = {Science},
  volume = {103},
  number = {2684},
  pages = {677--680},
  year = {1946},
  doi = {10.1126/science.103.2684.677},
}

@book{Conover1999,
  author = {Conover, W. J.},
  title = {Practical Nonparametric Statistics},
  edition = {3},
  publisher = {John Wiley \& Sons},
  year = {1999},
}

@article{Likert1932,
  author = {Likert, R.},
  title = {A Technique for the Measurement of Attitudes},
  journal = {Archives of Psychology},
  volume = {140},
  pages = {1--55},
  year = {1932},
}

@article{mccullagh1980regression,
  title={Regression models for ordinal data},
  author={McCullagh, Peter},
  journal={Journal of the Royal Statistical Society: Series B (Methodological)},
  volume={42},
  number={2},
  pages={109--127},
  year={1980},
  publisher={Wiley Online Library}
}

@article{anderson1984regression,
  title={Regression and ordered categorical variables},
  author={Anderson, John A},
  journal={Journal of the Royal Statistical Society: Series B (Methodological)},
  volume={46},
  number={1},
  pages={1--22},
  year={1984},
  publisher={Wiley Online Library}
}

@book{mclachlan1988mixture,
  title={Mixture models: Inference and applications to clustering},
  author={McLachlan, Geoffrey J and Basford, Kaye E},
  volume={38},
  year={1988},
  publisher={M. Dekker New York}
}

@article{Dempster1977,
  title={Maximum likelihood from incomplete data via the EM algorithm},
  author={Dempster, A. P. and Laird, N. M. and Rubin, D. B.},
  journal={Journal of the Royal Statistical Society: Series B (Methodological)},
  volume={39},
  number={1},
  pages={1--22},
  year={1977}
}

@misc{PSCWA2016,
  author = {{Public Sector Commission of Western Australia}},
  title = {Public Sector Commission WA Employee Perception Survey 2016},
  year = {2016},
  url = {https://data.gov.au/data/dataset/public-sector-commission-wa-employee-perception-survey-2016},
  note = {Accessed: 2024-03-18}
}

@misc{clustord2024,
  author = {McMillan, L. and Cui, Y. and Fern√°ndez, D.},
  title = {ClustOrd: A tool for ordering and clustering},
  year = {2024},
  url = {https://github.com/vuw-clustering/clustord},
  note = {Accessed: 2024-04-04}
}

@article{pledger2014multivariate,
  title={Multivariate methods using mixtures: Correspondence analysis, scaling and pattern-detection},
  author={Pledger, Shirley and Arnold, Richard},
  journal={Computational Statistics \& Data Analysis},
  volume={71},
  pages={241--261},
  year={2014},
  publisher={Elsevier}
}

@article{dempster1977maximum,
  title={Maximum likelihood from incomplete data via the EM algorithm},
  author={Dempster, Arthur P and Laird, Nan M and Rubin, Donald B},
  journal={Journal of the royal statistical society: series B (methodological)},
  volume={39},
  number={1},
  pages={1--22},
  year={1977},
  publisher={Wiley Online Library}
}

% k - mean
@article{macqueen1967some,
  title={Some methods for classification and analysis of multivariate observations},
  author={MacQueen, James},
  booktitle={Proceedings of the fifth Berkeley symposium on mathematical statistics and probability},
  volume={1},
  number={14},
  pages={281--297},
  year={1967},
  organization={Oakland, CA, USA}
}

% model based 
@book{fraley2002model,
  title={Model-based clustering, discriminant analysis, and density estimation},
  author={Fraley, Chris and Raftery, Adrian E},
  journal={Journal of the American statistical Association},
  volume={97},
  number={458},
  pages={611--631},
  year={2002},
  publisher={Taylor \& Francis}
}

% hierarchical clustering schemes
@article{johnson1967hierarchical,
  title={Hierarchical clustering schemes},
  author={Johnson, Stephen C},
  journal={Psychometrika},
  volume={32},
  number={3},
  pages={241--254},
  year={1967},
  publisher={Springer}
}

% DBSCAN
@inproceedings{ester1996density,
  title={A density-based algorithm for discovering clusters in large spatial databases with noise},
  author={Ester, Martin and Kriegel, Hans-Peter and Sander, J{\"o}rg and Xu, Xiaowei},
  booktitle={Proceedings of the Second International Conference on Knowledge Discovery and Data Mining (KDD-96)},
  pages={226--231},
  year={1996},
  organization={AAAI Press}
}
